
@article{mihaela2013measurement,
  title={The Measurement And Evaluation Of The Internal Communication Process In Project Management},
  author={Mihaela, Pop Alexandra and Danut, Dumitrascu},
  journal={Annals of Faculty of Economics},
  volume={1},
  number={1},
  pages={1563--1572},
  year={2013},
  publisher={University of Oradea, Faculty of Economics},
  Url                      = {http://anale.steconomiceuoradea.ro/volume/2013/n1/166.pdf}
}
@online{aDefSQLiteOpenHelper,
author = {AndroidDeveloper},
title = {android Developer sqlhelper},
year = {2014},
url = {http://developer.android.com/reference/android/database/sqlite/SQLiteOpenHelper.html},
urldate                 = {2014-07-30}
}
@online{aDefStorageOpt,
author = {AndroidDeveloper},
title = {Android Developer - Storage Options},
year = {2014},
url = {http://developer.android.com/guide/topics/data/data-storage.html},
urldate                 = {2014-07-30}
}
@book{cooper2000java,
  title={Java design patterns: a tutorial},
  author={Cooper, James William},
  year={2000},
  publisher={Addison-Wesley Professional}
}